@online{格式,
    author={“冯如杯”竞赛组委会},
    title={第二十九届“冯如杯”学生学术科技作品竞赛论文撰写格式规范},
    url={https://github.com/Somedaywilldo/Someday-XeLaTex-Template}
}

@inproceedings{ghostnet,
  title={GhostNet: More Features from Cheap Operations},
  author={Han, Kai and Wang, Yunhe and Tian, Qi and Guo, Jianyuan and Xu, Chunjing and Xu, Chang},
  booktitle={CVPR},
  year={2020}
}